<?xml version="1.0" encoding="UTF-8"?><collection xmlns="http://www.loc.gov/MARC21/slim"><record><leader>00642nam--2200205-i-4500</leader><controlfield tag="001">000014102</controlfield><controlfield tag="002">20161230</controlfield><controlfield tag="005">20161230201030</controlfield><controlfield tag="008">060222s1000------------r-----000-0-eng-d</controlfield><datafield ind1=" " ind2=" " tag="020"><subfield code="a">0306406489</subfield></datafield><datafield ind1=" " ind2=" " tag="040"><subfield code="a">IFIN-HH</subfield></datafield><datafield ind1=" " ind2=" " tag="080"><subfield code="a">538.9</subfield></datafield><datafield ind1="1" ind2=" " tag="100"><subfield code="a">Devreese, J.T</subfield></datafield><datafield ind1="1" ind2="0" tag="245"><subfield code="a">Recent developments in condensed matter pysics</subfield><subfield code="b">Vol.3: impurities, excitons, polarons, and polaritons</subfield><subfield code="c">J.t. devreese, l.f. lemmens, v.e. van doren, j.van royen (eds.)</subfield></datafield><datafield ind1=" " ind2=" " tag="260"><subfield code="a">New York</subfield><subfield code="b">Plenum Press</subfield><subfield code="c">1981</subfield></datafield><datafield ind1=" " ind2=" " tag="300"><subfield code="a">XVI+420P</subfield></datafield><datafield ind1="1" ind2=" " tag="700"><subfield code="a">Royen, J. Van</subfield><subfield code="e">Ed</subfield></datafield><datafield ind1=" " ind2=" " tag="700"><subfield code="a">Doren, V.E. Van</subfield><subfield code="e">Ed</subfield></datafield><datafield ind1=" " ind2=" " tag="852"><subfield code="a">49350</subfield><subfield code="c">539.2</subfield></datafield><datafield ind1=" " ind2=" " tag="CAT"><subfield code="a">Sys</subfield><subfield code="c">20121101</subfield><subfield code="h">154027</subfield></datafield></record></collection>